/Users/jdr/Documents/School/bibliography.bib