%% This BibTeX bibliography file was created using BibDesk.
%% http://bibdesk.sourceforge.net/


%% Created for Jack Reilly at 2012-02-17 15:59:46 -0800 


%% Saved with string encoding Unicode (UTF-8) 



@book{leveque2007finite,
	Author = {LeVeque, R.J.},
	Date-Added = {2012-02-17 23:59:29 +0000},
	Date-Modified = {2012-02-17 23:59:46 +0000},
	Isbn = {9780898716290},
	Keywords = {pde numerical conservation flux traffic fundamental seminal},
	Lccn = {2007061732},
	Publisher = {Society for Industrial and Applied Mathematics},
	Series = {Classics in Applied Mathematics Classics in Applied Mathemat},
	Title = {Finite difference methods for ordinary and partial differential equations: steady-state and time-dependent problems},
	Url = {http://books.google.com/books?id=Cbx7QgAACAAJ},
	Year = {2007},
	Bdsk-Url-1 = {http://books.google.com/books?id=Cbx7QgAACAAJ}}

@book{evans1998partial,
	Author = {Evans, L.C.},
	Date-Added = {2012-02-17 23:58:39 +0000},
	Date-Modified = {2012-02-17 23:58:39 +0000},
	Isbn = {9780821807729},
	Keywords = {pde math hyperbolic conservation flux},
	Lccn = {97041033},
	Publisher = {American Mathematical Society},
	Series = {Graduate studies in mathematics},
	Title = {Partial differential equations},
	Url = {http://books.google.com/books?id=5Pv4LVB\_m8AC},
	Year = {1998},
	Bdsk-Url-1 = {http://books.google.com/books/about/Partial_differential_equations.html?id=5Pv4LVB_m8AC}}

@book{nisan2007algorithmic,
	Author = {Nisan, N.},
	Date-Added = {2012-02-11 12:21:25 +0000},
	Date-Modified = {2012-02-11 12:21:25 +0000},
	Publisher = {Cambridge Univ Pr},
	Title = {Algorithmic game theory},
	Year = {2007},
	Bdsk-File-1 = {YnBsaXN0MDDUAQIDBAUIJidUJHRvcFgkb2JqZWN0c1gkdmVyc2lvblkkYXJjaGl2ZXLRBgdUcm9vdIABqAkKFRYXGyIjVSRudWxs0wsMDQ4RFFpOUy5vYmplY3RzV05TLmtleXNWJGNsYXNzog8QgASABqISE4ACgAOAB1lhbGlhc0RhdGFccmVsYXRpdmVQYXRo0hgNGRpXTlMuZGF0YU8RAfQAAAAAAfQAAgAADE1hY2ludG9zaCBIRAAAAAAAAAAAAAAAAAAAAMsrfyZIKwAAAA0B8h9OaXNhbi1BbGdvcml0aG1pYyBnYW0jRDA1NTgucGRmAAAAAAAAAAAAAAAAAAAAAAAAAAAAAAAAAAAAAAAAAAAADQVYynrRKAAAAAAAAAAAAAMAAwAACSAAAAAAAAAAAAAAAAAAAAAGcGFwZXJzABAACAAAyyvvpgAAABEACAAAynszmAAAAAEAFAANAfIADQHHAARqGQAEahgAAMAcAAIAU01hY2ludG9zaCBIRDpVc2VyczoAamRyOgBEb2N1bWVudHM6AFNjaG9vbDoAcGFwZXJzOgBOaXNhbi1BbGdvcml0aG1pYyBnYW0jRDA1NTgucGRmAAAOAE4AJgBOAGkAcwBhAG4ALQBBAGwAZwBvAHIAaQB0AGgAbQBpAGMAIABnAGEAbQBlACAAdABoAGUAbwByAHkAXwAyADAAMAA3AC4AcABkAGYADwAaAAwATQBhAGMAaQBuAHQAbwBzAGgAIABIAEQAEgBIVXNlcnMvamRyL0RvY3VtZW50cy9TY2hvb2wvcGFwZXJzL05pc2FuLUFsZ29yaXRobWljIGdhbWUgdGhlb3J5XzIwMDcucGRmABMAAS8AABUAAgAK//8AAIAF0hwdHh9YJGNsYXNzZXNaJGNsYXNzbmFtZaMfICFdTlNNdXRhYmxlRGF0YVZOU0RhdGFYTlNPYmplY3RfED0uLi8uLi8uLi9TY2hvb2wvcGFwZXJzL05pc2FuLUFsZ29yaXRobWljIGdhbWUgdGhlb3J5XzIwMDcucGRm0hwdJCWiJSFcTlNEaWN0aW9uYXJ5EgABhqBfEA9OU0tleWVkQXJjaGl2ZXIACAARABYAHwAoADIANQA6ADwARQBLAFIAXQBlAGwAbwBxAHMAdgB4AHoAfACGAJMAmACgApgCmgKfAqgCswK3AsUCzALVAxUDGgMdAyoDLwAAAAAAAAIBAAAAAAAAACgAAAAAAAAAAAAAAAAAAANB}}

@article{papageorgiou1989macroscopic,
	Author = {Papageorgiou, M. and Blosseville, J.M. and Hadj-Salem, H.},
	Date-Added = {2012-02-11 09:56:35 +0000},
	Date-Modified = {2012-02-11 09:56:35 +0000},
	Journal = {Transportation Research Part B: Methodological},
	Number = {1},
	Pages = {29--47},
	Publisher = {Elsevier},
	Title = {Macroscopic modelling of traffic flow on the Boulevard P{\'e}riph{\'e}rique in Paris},
	Volume = {23},
	Year = {1989}}

@article{wang2001freeway,
	Author = {Wang, Y. and Messmer, A. and Papageorgiou, M.},
	Date-Added = {2012-02-10 09:55:13 +0000},
	Date-Modified = {2012-02-10 09:58:03 +0000},
	Journal = {Transportation Research Record: Journal of the Transportation Research Board},
	Keywords = {fundamental diagram traffic theory flow},
	Number = {-1},
	Pages = {178--188},
	Publisher = {Trans Res Board},
	Title = {Freeway network simulation and dynamic traffic assignment with METANET tools},
	Volume = {1776},
	Year = {2001},
	Bdsk-Url-1 = {https://trb.metapress.com/content/24g5444g64056011/resource-secured/?target=fulltext.pdf}}

@inproceedings{greenshields1935study,
	Author = {Greenshields, B.D.},
	Booktitle = {Highway Research Board Proceedings},
	Date-Added = {2012-02-10 09:52:51 +0000},
	Date-Modified = {2012-02-10 09:53:44 +0000},
	Keywords = {fundamental diagram traffic theory flow},
	Pages = {448--477},
	Title = {A study of traffic capacity},
	Volume = {14},
	Year = {1935}}

@article{wardrop1952some,
	Author = {WARDROP, JG},
	Date-Added = {2012-02-10 09:23:20 +0000},
	Date-Modified = {2012-02-10 09:23:35 +0000},
	Journal = {Proceedings of the Institution of Civil Engineers},
	Keywords = {dta traffic user equilibrium},
	Pages = {325--378},
	Title = {Some Theoretical Aspects of Road Traffic Research},
	Volume = {1},
	Year = {1952}}

@article{cite-key,
	Date-Added = {2012-02-09 21:14:35 +0000},
	Date-Modified = {2012-02-09 21:14:35 +0000},
	Bdsk-File-1 = {YnBsaXN0MDDUAQIDBAUIJidUJHRvcFgkb2JqZWN0c1gkdmVyc2lvblkkYXJjaGl2ZXLRBgdUcm9vdIABqAkKFRYXGyIjVSRudWxs0wsMDQ4RFFpOUy5vYmplY3RzV05TLmtleXNWJGNsYXNzog8QgASABqISE4ACgAOAB1lhbGlhc0RhdGFccmVsYXRpdmVQYXRo0hgNGRpXTlMuZGF0YU8RAsoAAAAAAsoAAgABCHBnQWRtaW4zAAAAAAAAAAAAAAAAAAAAAAAAAMr+IqBIKwAFAAAAAgxwZ0FkbWluMy5hcHAAAAAAAAAAAAAAAAAAAAAAAAAAAAAAAAAAAAAAAAAAAAAAAAAAAAAAAAAAAAAAAAAAAAAAAAAUyv4inQAAAAAAAAAA/////wAADQIAAAAAAAAAAAAAAAAAAAAIcGdBZG1pbjMAEAAIAADK/pMgAAAAEQAIAADK/pMdAAAAAQAAAAIAFXBnQWRtaW4zOnBnQWRtaW4zLmFwcAAADgAaAAwAcABnAEEAZABtAGkAbgAzAC4AYQBwAHAADwASAAgAcABnAEEAZABtAGkAbgAzABIADS9wZ0FkbWluMy5hcHAAABMAES9Wb2x1bWVzL3BnQWRtaW4zAAAUAY4AAAAAAY4AAgAADE1hY2ludG9zaCBIRAAAAAAAAAAAAAAAAAAAAMsrfyZIKwAAAARqYhNwZ2FkbWluMy0xLjE0LjEuZG1nAAAAAAAAAAAAAAAAAAAAAAAAAAAAAAAAAAAAAAAAAAAAAAAAAAAAAAAAAAAAldRzy1lU5gAAAAAAAAAA/////wAACSAAAAAAAAAAAAAAAAAAAAAJRG93bmxvYWRzAAAQAAgAAMsr76YAAAARAAgAAMtZxWYAAAABAAwABGpiAARqGAAAwBwAAgA3TWFjaW50b3NoIEhEOlVzZXJzOgBqZHI6AERvd25sb2FkczoAcGdhZG1pbjMtMS4xNC4xLmRtZwAADgAoABMAcABnAGEAZABtAGkAbgAzAC0AMQAuADEANAAuADEALgBkAG0AZwAPABoADABNAGEAYwBpAG4AdABvAHMAaAAgAEgARAASACdVc2Vycy9qZHIvRG93bmxvYWRzL3BnYWRtaW4zLTEuMTQuMS5kbWcAABMAAS8AABUAAgAK//8AAP//AACABdIcHR4fWCRjbGFzc2VzWiRjbGFzc25hbWWjHyAhXU5TTXV0YWJsZURhdGFWTlNEYXRhWE5TT2JqZWN0XxAvLi4vLi4vLi4vLi4vLi4vLi4vVm9sdW1lcy9wZ0FkbWluMy9wZ0FkbWluMy5hcHDSHB0kJaIlIVxOU0RpY3Rpb25hcnkSAAGGoF8QD05TS2V5ZWRBcmNoaXZlcgAIABEAFgAfACgAMgA1ADoAPABFAEsAUgBdAGUAbABvAHEAcwB2AHgAegB8AIYAkwCYAKADbgNwA3UDfgOJA40DmwOiA6sD3QPiA+UD8gP3AAAAAAAAAgEAAAAAAAAAKAAAAAAAAAAAAAAAAAAABAk=}}

@article{schmeidler1973equilibrium,
	Author = {Schmeidler, D.},
	Date-Added = {2012-02-08 21:30:35 +0000},
	Date-Modified = {2012-02-08 21:31:29 +0000},
	Journal = {Journal of Statistical Physics},
	Keywords = {nonatomic congestion games nash game theory},
	Number = {4},
	Pages = {295--300},
	Publisher = {Springer},
	Title = {Equilibrium points of nonatomic games},
	Volume = {7},
	Year = {1973},
	Bdsk-Url-1 = {http://www.tau.ac.il/~schmeid/PDF/D_Schmeidler_Eq_Nonatomic_Games.pdf}}

@article{arias1970measure,
	Author = {Arias, A.},
	Journal = {Seismic design for nuclear power plants},
	Owner = {jackdreilly},
	Pages = {438--483},
	Publisher = {MIT Press},
	Timestamp = {2011.11.01},
	Title = {A measure of earthquake intensity},
	Year = {1970}}

@inproceedings{aswani2011game,
	Author = {Aswani, A. and Tomlin, C.},
	Booktitle = {American Control Conference (ACC), 2011},
	Date-Modified = {2012-02-11 12:50:58 +0000},
	File = {:/Users/jackdreilly/School/papers/acc11_traffic.pdf:PDF},
	Keywords = {system optimum stackelberg traffic},
	Organization = {IEEE},
	Owner = {jackdreilly},
	Pages = {3375--3380},
	Timestamp = {2011.10.18},
	Title = {Game-theoretic routing of GPS-assisted vehicles for energy efficiency},
	Year = {2011}}

@article{atkinson2007did,
	Author = {Atkinson, G.M. and Wald, D.J.},
	File = {:/Users/jackdreilly/School/papers/AtkinsonWaldDYFI.pdf:PDF},
	Journal = {Seismological Research Letters},
	Number = {3},
	Owner = {jackdreilly},
	Pages = {362},
	Timestamp = {2011.11.01},
	Title = {" Did You Feel It?" Intensity Data: A Surprisingly Good Measure of Earthquake Ground Motion},
	Volume = {78},
	Year = {2007}}

@article{augello1998dynamic,
	Author = {Augello, A.J. and Bray, J.D. and Seed, RB and Abrahamson, NA},
	Journal = {Journal of geotechnical and geoenvironmental engineering},
	Number = {3},
	Owner = {jackdreilly},
	Timestamp = {2011.11.01},
	Title = {Dynamic properties of solid waste based on back-analysis of OII landfill},
	Volume = {124},
	Year = {1998},
	Bdsk-Url-1 = {http://www.site.uottawa.ca/~ttran/teaching/csi5389/papers/Congestion%20Games%20with%20Malicious%20Players.pdf}}

@article{babaioff2009congestion,
	Author = {Babaioff, M. and Kleinberg, R. and Papadimitriou, C.H.},
	File = {:/Users/jackdreilly/School/papers/10.1.1.91.8335.pdf:PDF},
	Journal = {Games and Economic Behavior},
	Number = {1},
	Owner = {jackdreilly},
	Pages = {22--35},
	Publisher = {Elsevier},
	Timestamp = {2011.10.18},
	Title = {Congestion games with malicious players},
	Volume = {67},
	Year = {2009}}

@article{baise2000consistency,
	Author = {Baise, L.G. and Glaser, S.D.},
	File = {:/Users/jackdreilly/School/papers/10.1.1.131.458.pdf:PDF},
	Journal = {Bulletin of the Seismological Society of America},
	Number = {4},
	Owner = {jackdreilly},
	Pages = {993},
	Timestamp = {2011.11.12},
	Title = {Consistency of ground-motion estimates made using system identification},
	Volume = {90},
	Year = {2000}}

@article{bertsekas1982projection,
	Author = {Bertsekas, D.P. and Gafni, E.M.},
	File = {:/Users/jackdreilly/School/papers/bertsekas variational inequalities.pdf:PDF},
	Journal = {Nondifferential and Variational Techniques in Optimization},
	Owner = {jackdreilly},
	Pages = {139--159},
	Publisher = {Springer},
	Timestamp = {2011.11.04},
	Title = {Projection methods for variational inequalities with application to the traffic assignment problem},
	Year = {1982}}

@techreport{black1963passive,
	Author = {Black, H.D.},
	Institution = {DTIC Document},
	Owner = {jackdreilly},
	Timestamp = {2011.11.01},
	Title = {A passive system for determining the attitude of a satellite},
	Year = {1963}}

@article{blandin2010general,
	Author = {Blandin, S. and Work, D. and Goatin, P. and Piccoli, B. and Bayen, A.},
	File = {:/Users/jackdreilly/School/papers/siam09.pdf:PDF},
	Owner = {jackdreilly},
	Timestamp = {2011.10.19},
	Title = {A general phase transition model for vehicular traffic},
	Year = {2010}}

@article{bonifaci2010stackelberg,
	Author = {Bonifaci, V. and Harks, T. and Sch{\"a}fer, G.},
	File = {:/Users/jackdreilly/School/papers/stackelnet.pdf:PDF},
	Journal = {Mathematics of Operations Research},
	Number = {2},
	Owner = {jackdreilly},
	Pages = {330--346},
	Publisher = {INFORMS},
	Timestamp = {2011.10.18},
	Title = {Stackelberg routing in arbitrary networks},
	Volume = {35},
	Year = {2010}}

@article{boore2005processing,
	Author = {Boore, D.M. and Bommer, J.J.},
	File = {:/Users/jackdreilly/School/papers/Boore&Bommer_SDEE_2005_GMs.pdf:PDF},
	Journal = {Soil Dynamics and Earthquake Engineering},
	Number = {2},
	Owner = {jackdreilly},
	Pages = {93--115},
	Publisher = {Elsevier},
	Timestamp = {2011.11.14},
	Title = {Processing of strong-motion accelerograms: needs, options and consequences},
	Volume = {25},
	Year = {2005}}

@article{bossu2011citizen,
	Author = {Bossu, R. and Gilles, S. and Mazet-Roux, G. and Roussel, F.},
	Journal = {Comparative Emergency Management: Examining Global and Regional Responses to Disasters},
	Owner = {jackdreilly},
	Pages = {237},
	Publisher = {CRC},
	Timestamp = {2011.11.01},
	Title = {Citizen Seismology: How to involve the Public in earthquake Response},
	Year = {2011}}

@inproceedings{burke2006participatory,
	Author = {Burke, J. and Estrin, D. and Hansen, M. and Parker, A. and Ramanathan, N. and Reddy, S. and Srivastava, M.B.},
	Booktitle = {World Sensor Web Workshop},
	Organization = {Citeseer},
	Owner = {jackdreilly},
	Pages = {1--5},
	Timestamp = {2011.11.01},
	Title = {Participatory sensing},
	Year = {2006}}

@article{calafiore2008robust,
	Author = {Calafiore, G. and El Ghaoui, L.},
	File = {:/Users/jackdreilly/School/papers/Robust Dynamic Tra?c Assignment under Demand and Capacity Uncertainty.pdf:PDF},
	Owner = {jackdreilly},
	Timestamp = {2011.10.19},
	Title = {Robust Dynamic Traffic Assignment under Demand and Capacity Uncertainty},
	Year = {2008}}

@article{cochran2009novel,
	Author = {Cochran, E. and Lawrence, J. and Christensen, C. and Chung, A.},
	File = {:/Users/jackdreilly/School/papers/Cochran_Lawrence_Christensen_Chung_IEEE_2009.pdf:PDF},
	Journal = {Instrumentation \& Measurement Magazine, IEEE},
	Number = {6},
	Owner = {jackdreilly},
	Pages = {8--15},
	Publisher = {IEEE},
	Timestamp = {2011.11.01},
	Title = {A novel strong-motion seismic network for community participation in earthquake monitoring},
	Volume = {12},
	Year = {2009}}

@article{coclite2002traffic,
	Author = {Coclite, G.M. and Piccoli, B.},
	File = {:/Users/jackdreilly/School/papers/Piccoli - Traffic Networks.pdf:PDF},
	Journal = {Arxiv preprint math/0202146},
	Owner = {jackdreilly},
	Timestamp = {2011.10.18},
	Title = {Traffic flow on a road network},
	Year = {2002}}

@article{como2011robust,
	Author = {Como, G. and Savla, K. and Acemoglu, D. and Dahleh, M.A. and Frazzoli, E.},
	File = {:/Users/jackdreilly/School/papers/2011-RobustDistributedRoutingInDynamicalFlowNetworks-PartII-StrongResilienceEquilibriumSelectionandCascadedFailures.pdf:PDF},
	Journal = {Arxiv preprint arXiv:1103.4893},
	Owner = {jackdreilly},
	Timestamp = {2011.11.08},
	Title = {Robust Distributed Routing in Dynamical Flow Networks-Part II: Strong Resilience, Equilibrium Selection and Cascaded Failures},
	Year = {2011}}

@article{daganzo1995cell,
	Author = {Daganzo, C.F.},
	Date-Modified = {2012-02-10 09:53:58 +0000},
	File = {:/Users/jackdreilly/School/papers/science.pdf:PDF},
	Journal = {Transportation Research Part B: Methodological},
	Keywords = {traffic flow theory fundamental diagram},
	Number = {2},
	Owner = {jackdreilly},
	Pages = {79--93},
	Publisher = {Elsevier},
	Timestamp = {2011.10.18},
	Title = {The cell transmission model, part II: network traffic},
	Volume = {29},
	Year = {1995}}

@article{daganzo1994cell,
	Author = {Daganzo, C.F.},
	Date-Modified = {2012-02-10 09:54:03 +0000},
	File = {:/Users/jackdreilly/School/papers/daganzo1995cell - daganzo - the cell transmission model, part ii\: network traffic.pdf:PDF},
	Journal = {Transportation Research Part B: Methodological},
	Keywords = {traffic flow theory fundamental diagram},
	Number = {4},
	Owner = {jackdreilly},
	Pages = {269--287},
	Publisher = {Elsevier},
	Timestamp = {2011.10.18},
	Title = {The cell transmission model: A dynamic representation of highway traffic consistent with the hydrodynamic theory},
	Volume = {28},
	Year = {1994}}

@inproceedings{dashti2010ishake,
	Author = {Dashti, S. and Reilly, J. and Bray, JD and Bayen, AM and Glaser, SD and Mari, E.},
	Booktitle = {AGU Fall Meeting Abstracts},
	Owner = {jackdreilly},
	Pages = {02},
	Timestamp = {2011.11.01},
	Title = {iShake: Mobile Phones as Seismic Sensors},
	Volume = {1},
	Year = {2010}}

@article{ervasti2011,
	Author = {Ervasti, M. and Dashti, S. and Reilly, J. and Bray, J. and Glaser, S. and Bay},
	Owner = {jackdreilly},
	Timestamp = {2011.11.15},
	Title = {iShake: Mobile Phones as Seismic Sensors ? User Study Findings}}

@electronic{estrin,
	Author = {D. Estrin},
	Owner = {jackdreilly},
	Timestamp = {2011.11.01},
	Title = {Mobile Sensing Systems: from ecosystems to human systems},
	Year = {2009}}

@article{friesz1985transportation,
	Author = {Friesz, T.L.},
	File = {:/Users/jackdreilly/School/papers/friesz transportation netwrok equilibrium.pdf:PDF},
	Journal = {Transportation Research Part A: General},
	Number = {5-6},
	Owner = {jackdreilly},
	Pages = {413--427},
	Publisher = {Elsevier},
	Timestamp = {2011.11.04},
	Title = {Transportation network equilibrium, design and aggregation: key developments and research opportunities},
	Volume = {19},
	Year = {1985}}

@article{friesz2006solving,
	Author = {Friesz, T.L. and Mookherjee, R.},
	File = {:/Users/jackdreilly/School/papers/DUEwithFixedPointV10a.pdf:PDF},
	Journal = {Transportation Research-Part B Methodological},
	Number = {3},
	Owner = {jackdreilly},
	Pages = {207--229},
	Publisher = {Oxford; New York: Pergamon Press, 1979-},
	Timestamp = {2011.10.21},
	Title = {Solving the dynamic network user equilibrium problem with state-dependent time shifts},
	Volume = {40},
	Year = {2006}}

@article{godunov1959difference,
	Author = {Godunov, S.K.},
	Journal = {Matematicheskii Sbornik},
	Number = {3},
	Owner = {jackdreilly},
	Pages = {271--306},
	Publisher = {Russian Academy of Sciences, Branch of Mathematical Sciences},
	Timestamp = {2011.10.18},
	Title = {A difference method for numerical calculation of discontinuous solutions of the equations of hydrodynamics},
	Volume = {89},
	Year = {1959}}

@article{gomes2006optimal,
	Author = {Gomes, G. and Horowitz, R.},
	File = {:/Users/jackdreilly/School/papers/80J_Gomes_TRC06.pdf:PDF},
	Journal = {Transportation Research Part C: Emerging Technologies},
	Number = {4},
	Owner = {jackdreilly},
	Pages = {244--262},
	Publisher = {Elsevier},
	Timestamp = {2011.11.03},
	Title = {Optimal freeway ramp metering using the asymmetric cell transmission model},
	Volume = {14},
	Year = {2006}}

@article{gomes2008behavior,
	Author = {Gomes, G. and Horowitz, R. and Kurzhanskiy, A.A. and Varaiya, P. and Kwon, J.},
	File = {:/Users/jackdreilly/School/papers/varaiya.pdf:PDF},
	Journal = {Transportation Research Part C: Emerging Technologies},
	Number = {4},
	Pages = {485--513},
	Publisher = {Elsevier},
	Title = {Behavior of the cell transmission model and effectiveness of ramp metering},
	Volume = {16},
	Year = {2008}}

@article{harker1988multiple,
	Author = {Harker, P.T.},
	File = {:/Users/jackdreilly/School/papers/multiple user equilibria.pdf:PDF},
	Journal = {Transportation Science},
	Number = {1},
	Owner = {jackdreilly},
	Pages = {39},
	Timestamp = {2011.11.04},
	Title = {Multiple equilibrium behaviors on networks},
	Volume = {22},
	Year = {1988}}

@article{haurie1985relationship,
	Author = {Haurie, A. and Marcotte, P.},
	File = {:/Users/jackdreilly/School/papers/marcotte nash cornot wardrop.pdf:PDF},
	Journal = {Networks},
	Number = {3},
	Owner = {jackdreilly},
	Pages = {295--308},
	Publisher = {Wiley Online Library},
	Timestamp = {2011.11.04},
	Title = {On the relationship between Nash?Cournot and Wardrop equilibria},
	Volume = {15},
	Year = {1985}}

@article{ho1981information,
	Author = {Ho, Y.C. and Luh, P. and Muralidharan, R.},
	File = {:/Users/jackdreilly/School/papers/stackelberg control.pdf:PDF},
	Journal = {Automatic Control, IEEE Transactions on},
	Number = {2},
	Owner = {jackdreilly},
	Pages = {454--460},
	Publisher = {IEEE},
	Timestamp = {2011.11.14},
	Title = {Information structure, Stackelberg games, and incentive controllability},
	Volume = {26},
	Year = {1981}}

@inproceedings{hoh2008virtual,
	Author = {Hoh, B. and Gruteser, M. and Herring, R. and Ban, J. and Work, D. and Herrera, J.C. and Bayen, A.M. and Annavaram, M. and Jacobson, Q.},
	Booktitle = {Proceeding of the 6th international conference on Mobile systems, applications, and services},
	Organization = {ACM},
	Owner = {jackdreilly},
	Pages = {15--28},
	Timestamp = {2011.11.01},
	Title = {Virtual trip lines for distributed privacy-preserving traffic monitoring},
	Year = {2008}}

@article{isacks1968seismology,
	Author = {Isacks, B. and Oliver, J. and Sykes, L.R.},
	File = {:/Users/jackdreilly/School/papers/isacks.pdf:PDF},
	Journal = {Journal of Geophysical Research},
	Number = {18},
	Owner = {jackdreilly},
	Pages = {5855--5899},
	Publisher = {American Geophysical Union},
	Timestamp = {2011.11.01},
	Title = {Seismology and the new global tectonics},
	Volume = {73},
	Year = {1968}}

@article{jayakrishnan1995dynamic,
	Author = {Jayakrishnan, R. and Tsai, W.K. and Chen, A.},
	File = {:/Users/jackdreilly/School/papers/jayakrishnan dta.pdf:PDF},
	Journal = {Transportation Research Part C: Emerging Technologies},
	Number = {1},
	Owner = {jackdreilly},
	Pages = {51--72},
	Publisher = {Elsevier},
	Timestamp = {2011.11.08},
	Title = {A dynamic traffic assignment model with traffic-flow relationships},
	Volume = {3},
	Year = {1995}}

@article{joksimovicdifferent,
	Author = {Joksimovic, D. and Bliemer, M.C.J. and Bovy, P.H.L.},
	File = {:/Users/jackdreilly/School/papers/430.pdf:PDF},
	Journal = {Pricing in road transport: a multi-disciplinary perspective},
	Owner = {jackdreilly},
	Pages = {151--169},
	Timestamp = {2011.10.18},
	Title = {Different policy objectives of the road-pricing problem: a game-theoretic approach}}

@inproceedings{koutsoupias1999worst,
	Author = {Koutsoupias, E. and Papadimitriou, C.},
	Booktitle = {Proceedings of the 16th annual conference on Theoretical aspects of computer science},
	Organization = {Springer-Verlag},
	Owner = {jackdreilly},
	Pages = {404--413},
	Timestamp = {2011.11.29},
	Title = {Worst-case equilibria},
	Year = {1999}}

@book{lay1995modern,
	Author = {Lay, T. and Wallace, T.C.},
	Owner = {jackdreilly},
	Publisher = {Academic Pr},
	Timestamp = {2011.11.15},
	Title = {Modern global seismology},
	Volume = {58},
	Year = {1995}}

@inproceedings{lebacque1996godunov,
	Author = {Lebacque, JP},
	Booktitle = {Internaional symposium on transportation and traffic theory},
	Owner = {jackdreilly},
	Pages = {647--677},
	Timestamp = {2011.11.02},
	Title = {The Godunov scheme and what it means for first order traffic flow models},
	Year = {1996}}

@inproceedings{lien2009manet,
	Author = {Lien, Y.N. and Jang, H.C. and Tsai, T.C.},
	Booktitle = {2009 29th IEEE International Conference on Distributed Computing Systems Workshops},
	Organization = {IEEE},
	Owner = {jackdreilly},
	Pages = {412--417},
	Timestamp = {2011.11.01},
	Title = {A MANET based emergency communication and information system for catastrophic natural disasters},
	Year = {2009}}

@article{lighthill1955kinematic,
	Author = {Lighthill, M.J. and Whitham, G.B.},
	Date-Modified = {2012-02-11 09:54:12 +0000},
	File = {:/Users/jackdreilly/School/papers/317.full.pdf:PDF},
	Journal = {Proceedings of the Royal Society of London. Series A. Mathematical and Physical Sciences},
	Keywords = {macroscopic traffic flow theory},
	Number = {1178},
	Owner = {jackdreilly},
	Pages = {317},
	Publisher = {The Royal Society},
	Timestamp = {2011.10.18},
	Title = {On kinematic waves. II. A theory of traffic flow on long crowded roads},
	Volume = {229},
	Year = {1955}}

@article{lo2002cell,
	Author = {Lo, H.K. and Szeto, WY},
	File = {:/Users/jackdreilly/School/papers/cell-based dynamic user optimum.pdf:PDF},
	Journal = {Transportation Research Part B: Methodological},
	Number = {5},
	Owner = {jackdreilly},
	Pages = {421--443},
	Publisher = {Elsevier},
	Timestamp = {2011.10.18},
	Title = {A cell-based variational inequality formulation of the dynamic user optimal assignment problem},
	Volume = {36},
	Year = {2002}}

@inproceedings{munoz2005traffic,
	Author = {Munoz, L. and Sun, X. and Horowitz, R. and Alvarez, L.},
	Booktitle = {American Control Conference, 2003. Proceedings of the 2003},
	Organization = {IEEE},
	Owner = {jackdreilly},
	Pages = {3750--3755},
	Timestamp = {2011.10.21},
	Title = {Traffic density estimation with the cell transmission model},
	Volume = {5},
	Year = {2005}}

@article{nadav2010limits,
	Author = {Nadav, U. and Roughgarden, T.},
	File = {:/Users/jackdreilly/School/papers/pdsmooth.pdf:PDF},
	Journal = {Internet and Network Economics},
	Owner = {jackdreilly},
	Pages = {319--326},
	Publisher = {Springer},
	Timestamp = {2011.10.18},
	Title = {The limits of smoothness: a primal-dual framework for price of anarchy bounds},
	Year = {2010}}

@inproceedings{neumann1999augmented,
	Author = {Neumann, U. and You, S. and Cho, Y. and Lee, J. and Park, J.},
	Booktitle = {International Symposium on Mixed Realities},
	Organization = {Citeseer},
	Owner = {jackdreilly},
	Timestamp = {2011.11.01},
	Title = {Augmented reality tracking in natural environments},
	Volume = {24},
	Year = {1999}}

@article{obenshaincommunity,
	Author = {Obenshain, D. and Chandy, K.M. and Chandy, R. and Clayton, R. and Krause, A. and Olson, M. and Rosenberg, D. and Tang, A.},
	File = {:/Users/jackdreilly/School/papers/SURF Paper 2009.pdf:PDF},
	Owner = {jackdreilly},
	Timestamp = {2011.11.01},
	Title = {Community Seismic Network}}

@article{papadimitriou2010new,
	Author = {Papadimitriou, C. and Valiant, G.},
	Journal = {Innovations in Computer Science (ICS)},
	Owner = {jackdreilly},
	Timestamp = {2011.11.16},
	Title = {A new look at selfish routing},
	Year = {2010}}

@article{parkinson1996global,
	Author = {Parkinson, B.W. and Spilker, J.J. and Axelrad, P. and Enge, P.},
	Journal = {Progress in astronautics and aeronautics},
	Owner = {jackdreilly},
	Timestamp = {2011.11.01},
	Title = {Global Positioning System: Theory and Applications Volume II},
	Volume = {163},
	Year = {1996}}

@article{peeta2001foundations,
	Author = {Peeta, S. and Ziliaskopoulos, A.K.},
	File = {:/Users/jackdreilly/School/papers/Peeta-Ziliaskopoulos-2001.pdf:PDF},
	Journal = {Networks and Spatial Economics},
	Number = {3},
	Owner = {jackdreilly},
	Pages = {233--265},
	Publisher = {Springer},
	Timestamp = {2011.10.18},
	Title = {Foundations of dynamic traffic assignment: The past, the present and the future},
	Volume = {1},
	Year = {2001}}

@article{pickett1963acoustic,
	Author = {Pickett, GR},
	Journal = {Journal of Petroleum Technology},
	Number = {6},
	Owner = {jackdreilly},
	Pages = {659--667},
	Publisher = {Society of Petroleum Engineers},
	Timestamp = {2011.11.12},
	Title = {Acoustic character logs and their applications in formation evaluation},
	Volume = {15},
	Year = {1963}}

@article{pines1998conceptual,
	Author = {Pines, D.J. and Lovell, P.A.},
	Journal = {Smart materials and Structures},
	Owner = {jackdreilly},
	Pages = {627},
	Publisher = {IOP Publishing},
	Timestamp = {2011.11.01},
	Title = {Conceptual framework of a remote wireless health monitoring system for large civil structures},
	Volume = {7},
	Year = {1998}}

@article{ran1993new,
	Author = {Ran, B. and Boyce, D.E. and LeBlanc, L.J.},
	File = {:/Users/jackdreilly/School/papers/ran boyce UE.pdf:PDF},
	Journal = {Operations Research},
	Owner = {jackdreilly},
	Pages = {192--202},
	Publisher = {JSTOR},
	Timestamp = {2011.11.08},
	Title = {A new class of instantaneous dynamic user-optimal traffic assignment models},
	Year = {1993}}

@article{richards1956shock,
	Author = {Richards, P.I.},
	Date-Modified = {2012-02-11 09:54:30 +0000},
	File = {:/Users/jackdreilly/School/papers/167515.pdf:PDF},
	Journal = {Operations research},
	Keywords = {macroscopic traffic flow theory},
	Owner = {jackdreilly},
	Pages = {42--51},
	Publisher = {JSTOR},
	Timestamp = {2011.10.18},
	Title = {Shock waves on the highway},
	Year = {1956}}

@inproceedings{roughgarden2009intrinsic,
	Author = {Roughgarden, T.},
	Booktitle = {Proceedings of the 41st annual ACM symposium on Theory of computing},
	File = {:/Users/jackdreilly/School/papers/10.1.1.147.700.pdf:PDF},
	Organization = {ACM},
	Owner = {jackdreilly},
	Pages = {513--522},
	Timestamp = {2011.10.18},
	Title = {Intrinsic robustness of the price of anarchy},
	Year = {2009}}

@inproceedings{roughgarden2005selfish,
	Author = {Roughgarden, T.},
	Booktitle = {Proceedings of the sixteenth annual ACM-SIAM symposium on Discrete algorithms},
	File = {:/Users/jackdreilly/School/papers/Selfish Routing with Atomic Players.pdf:PDF},
	Organization = {Society for Industrial and Applied Mathematics},
	Owner = {jackdreilly},
	Pages = {1184--1185},
	Timestamp = {2011.11.06},
	Title = {Selfish routing with atomic players},
	Year = {2005}}

@inproceedings{roughgarden2001stackelberg,
	Author = {Roughgarden, T.},
	Booktitle = {Proceedings of the thirty-third annual ACM symposium on Theory of computing},
	File = {:/Users/jackdreilly/School/papers/roughgarden2001stackelberg - roughgarden - stackelberg scheduling strategies.pdf:PDF},
	Organization = {ACM},
	Owner = {jackdreilly},
	Pages = {104--113},
	Timestamp = {2011.10.18},
	Title = {Stackelberg scheduling strategies},
	Year = {2001},
	Bdsk-File-1 = {YnBsaXN0MDDUAQIDBAUIJidUJHRvcFgkb2JqZWN0c1gkdmVyc2lvblkkYXJjaGl2ZXLRBgdUcm9vdIABqAkKFRYXGyIjVSRudWxs0wsMDQ4RFFpOUy5vYmplY3RzV05TLmtleXNWJGNsYXNzog8QgASABqISE4ACgAOAB1lhbGlhc0RhdGFccmVsYXRpdmVQYXRo0hgNGRpXTlMuZGF0YU8RAnIAAAAAAnIAAgAADE1hY2ludG9zaCBIRAAAAAAAAAAAAAAAAAAAAMsrfyZIKwAAAA0B8h9yb3VnaGdhcmRlbjIwMDFzdGFja2UjRDBERjcucGRmAAAAAAAAAAAAAAAAAAAAAAAAAAAAAAAAAAAAAAAAAAAADQ33yq6f2AAAAAAAAAAAAAMAAwAACSAAAAAAAAAAAAAAAAAAAAAGcGFwZXJzABAACAAAyyvvpgAAABEACAAAyq8CSAAAAAEAFAANAfIADQHHAARqGQAEahgAAMAcAAIAU01hY2ludG9zaCBIRDpVc2VyczoAamRyOgBEb2N1bWVudHM6AFNjaG9vbDoAcGFwZXJzOgByb3VnaGdhcmRlbjIwMDFzdGFja2UjRDBERjcucGRmAAAOAKIAUAByAG8AdQBnAGgAZwBhAHIAZABlAG4AMgAwADAAMQBzAHQAYQBjAGsAZQBsAGIAZQByAGcAIAAtACAAcgBvAHUAZwBoAGcAYQByAGQAZQBuACAALQAgAHMAdABhAGMAawBlAGwAYgBlAHIAZwAgAHMAYwBoAGUAZAB1AGwAaQBuAGcAIABzAHQAcgBhAHQAZQBnAGkAZQBzAC4AcABkAGYADwAaAAwATQBhAGMAaQBuAHQAbwBzAGgAIABIAEQAEgByVXNlcnMvamRyL0RvY3VtZW50cy9TY2hvb2wvcGFwZXJzL3JvdWdoZ2FyZGVuMjAwMXN0YWNrZWxiZXJnIC0gcm91Z2hnYXJkZW4gLSBzdGFja2VsYmVyZyBzY2hlZHVsaW5nIHN0cmF0ZWdpZXMucGRmABMAAS8AABUAAgAK//8AAIAF0hwdHh9YJGNsYXNzZXNaJGNsYXNzbmFtZaMfICFdTlNNdXRhYmxlRGF0YVZOU0RhdGFYTlNPYmplY3RfEGcuLi8uLi8uLi9TY2hvb2wvcGFwZXJzL3JvdWdoZ2FyZGVuMjAwMXN0YWNrZWxiZXJnIC0gcm91Z2hnYXJkZW4gLSBzdGFja2VsYmVyZyBzY2hlZHVsaW5nIHN0cmF0ZWdpZXMucGRm0hwdJCWiJSFcTlNEaWN0aW9uYXJ5EgABhqBfEA9OU0tleWVkQXJjaGl2ZXIACAARABYAHwAoADIANQA6ADwARQBLAFIAXQBlAGwAbwBxAHMAdgB4AHoAfACGAJMAmACgAxYDGAMdAyYDMQM1A0MDSgNTA70DwgPFA9ID1wAAAAAAAAIBAAAAAAAAACgAAAAAAAAAAAAAAAAAAAPp}}

@article{roughgarden2004bounding,
	Author = {Roughgarden, T. and Tardos, {\'E}.},
	Date-Modified = {2012-02-11 12:50:29 +0000},
	File = {:/Users/jackdreilly/School/papers/10.1.1.11.593.pdf:PDF},
	Journal = {Games and Economic Behavior},
	Keywords = {game theory congestion games anarchy system optimum},
	Number = {2},
	Owner = {jackdreilly},
	Pages = {389--403},
	Publisher = {Elsevier},
	Timestamp = {2011.10.19},
	Title = {Bounding the inefficiency of equilibria in nonatomic congestion games},
	Volume = {47},
	Year = {2004},
	Bdsk-Url-1 = {http://www.sciencedirect.com/science/article/pii/S089982560300188X},
	Bdsk-Url-2 = {http://dx.doi.org/10.1016/j.geb.2003.06.004},
	Bdsk-Url-3 = {http://pdn.sciencedirect.com/science?_ob=MiamiImageURL&_cid=272351&_user=4420&_pii=S089982560300188X&_check=y&_origin=article&_zone=toolbar&_coverDate=31-May-2004&view=c&originContentFamily=serial&wchp=dGLzVlt-zSkzV&md5=a2f40fcadc419de499009eb93524e1a9/1-s2.0-S089982560300188X-main.pdf}}

@article{roughgarden2002bad,
	Author = {Roughgarden, T. and Tardos, {\'E}.},
	File = {:/Users/jackdreilly/School/papers/howbadisanarchy.pdf:PDF},
	Journal = {Journal of the ACM (JACM)},
	Number = {2},
	Owner = {jackdreilly},
	Pages = {236--259},
	Publisher = {ACM},
	Timestamp = {2011.10.18},
	Title = {How bad is selfish routing?},
	Volume = {49},
	Year = {2002}}

@inproceedings{sakaki2010earthquake,
	Author = {Sakaki, T. and Okazaki, M. and Matsuo, Y.},
	Booktitle = {Proceedings of the 19th international conference on World wide web},
	Organization = {ACM},
	Owner = {jackdreilly},
	Pages = {851--860},
	Timestamp = {2011.11.01},
	Title = {Earthquake shakes Twitter users: real-time event detection by social sensors},
	Year = {2010}}

@article{simaan1973stackelberg,
	Author = {Simaan, M. and Cruz, JB},
	Journal = {Journal of Optimization Theory and Applications},
	Number = {5},
	Owner = {jackdreilly},
	Pages = {533--555},
	Publisher = {Springer},
	Timestamp = {2011.11.14},
	Title = {On the Stackelberg strategy in nonzero-sum games},
	Volume = {11},
	Year = {1973}}

@article{starr1969nonzero,
	Author = {Starr, A.W. and Ho, Y.C.},
	Journal = {Journal of Optimization Theory and Applications},
	Number = {3},
	Owner = {jackdreilly},
	Pages = {184--206},
	Publisher = {Springer},
	Timestamp = {2011.11.14},
	Title = {Nonzero-sum differential games},
	Volume = {3},
	Year = {1969}}

@article{strub2006weak,
	Author = {Strub, I.S. and Bayen, A.M.},
	File = {:/Users/jackdreilly/School/papers/ijrnc06.pdf:PDF},
	Journal = {International Journal of Robust and Nonlinear Control},
	Number = {16},
	Owner = {jackdreilly},
	Pages = {733--748},
	Publisher = {Wiley Online Library},
	Timestamp = {2011.11.03},
	Title = {Weak formulation of boundary conditions for scalar conservation laws: An application to highway traffic modelling},
	Volume = {16},
	Year = {2006}}

@article{szeto2004cell,
	Author = {Szeto, WY and Lo, H.K.},
	File = {:/Users/jackdreilly/School/papers/szeto cell based route and departure.pdf:PDF},
	Journal = {Transportation Research Part B: Methodological},
	Number = {7},
	Owner = {jackdreilly},
	Pages = {593--612},
	Publisher = {Elsevier},
	Timestamp = {2011.10.19},
	Title = {A cell-based simultaneous route and departure time choice model with elastic demand},
	Volume = {38},
	Year = {2004}}

@article{wald1999trinet,
	Author = {Wald, D.J. and Quitoriano, V. and Heaton, T.H. and Kanamori, H. and Scrivner, C.W. and Worden, C.B.},
	File = {:/Users/jackdreilly/School/papers/Paper9_Wald.pdf:PDF},
	Journal = {Earthquake Spectra},
	Owner = {jackdreilly},
	Pages = {537--556},
	Publisher = {Earthquake Engineering Research Institute},
	Timestamp = {2011.11.01},
	Title = {TriNet" ShakeMaps": rapid generation of peak ground motion and intensity maps for earthquakes in southern California},
	Volume = {15},
	Year = {1999}}

@article{work2010traffic,
	Author = {Work, D.B. and Blandin, S. and Tossavainen, O.P. and Piccoli, B. and Bayen, A.M.},
	File = {:/Users/jackdreilly/School/papers/amrx10.pdf:PDF},
	Journal = {Applied Mathematics Research eXpress},
	Number = {1},
	Owner = {jackdreilly},
	Pages = {1},
	Publisher = {Oxford University Press},
	Timestamp = {2011.11.03},
	Title = {A traffic model for velocity data assimilation},
	Volume = {2010},
	Year = {2010}}

@article{yang2007stackelberg,
	Author = {Yang, H. and Zhang, X. and Meng, Q.},
	File = {:/Users/jackdreilly/School/papers/stackelberg multiple equilibria.pdf:PDF},
	Journal = {Transportation Research Part B: Methodological},
	Number = {8},
	Owner = {jackdreilly},
	Pages = {841--861},
	Publisher = {Elsevier},
	Timestamp = {2011.11.04},
	Title = {Stackelberg games and multiple equilibrium behaviors on networks},
	Volume = {41},
	Year = {2007}}

@article{zheng2011network,
	Author = {Zheng, H. and Chiu, Y.C.},
	File = {:/Users/jackdreilly/School/papers/zheng time expanded social optimum.pdf:PDF},
	Journal = {Transportation Science},
	Number = {1},
	Owner = {jackdreilly},
	Pages = {121},
	Timestamp = {2011.11.08},
	Title = {A Network Flow Algorithm for the Cell-Based Single-Destination System Optimal Dynamic Traffic Assignment Problem},
	Volume = {45},
	Year = {2011}}

@article{ziliaskopoulos2000linear,
	Author = {Ziliaskopoulos, A.K.},
	Date-Modified = {2012-02-11 12:49:49 +0000},
	File = {:/Users/jackdreilly/School/papers/ziliaskopoulos2000linear - ziliaskopoulos - a linear programming model for the single destination system optimum dynamic traffic assignment problem.pdf:PDF},
	Journal = {Transportation science},
	Keywords = {system optimum},
	Number = {1},
	Owner = {jackdreilly},
	Pages = {37},
	Timestamp = {2011.10.18},
	Title = {A linear programming model for the single destination system optimum dynamic traffic assignment problem},
	Volume = {34},
	Year = {2000}}

@electronic{magfield,
	Owner = {jackdreilly},
	Timestamp = {2011.11.01},
	Title = {National Geophysical Data Center - National Oceanic and Atmospheric Administration},
	Url = {http://www.ngdc.noaa.gov/},
	Bdsk-Url-1 = {http://www.ngdc.noaa.gov/}}

@electronic{skyhook,
	Owner = {jackdreilly},
	Timestamp = {2011.11.01},
	Title = {Skyhook Wireless Website},
	Url = {http://skyhookwireless.com},
	Bdsk-Url-1 = {http://skyhookwireless.com}}
