% This file was created with JabRef 2.7.
% Encoding: ISO8859_1

@ARTICLE{arias1970measure,
  author = {Arias, A.},
  title = {A measure of earthquake intensity},
  journal = {Seismic design for nuclear power plants},
  year = {1970},
  pages = {438--483},
  owner = {jackdreilly},
  publisher = {MIT Press},
  timestamp = {2011.11.01}
}

@INPROCEEDINGS{aswani2011game,
  author = {Aswani, A. and Tomlin, C.},
  title = {Game-theoretic routing of GPS-assisted vehicles for energy efficiency},
  booktitle = {American Control Conference (ACC), 2011},
  year = {2011},
  pages = {3375--3380},
  organization = {IEEE},
  file = {:/Users/jackdreilly/School/papers/acc11_traffic.pdf:PDF},
  owner = {jackdreilly},
  timestamp = {2011.10.18}
}

@ARTICLE{atkinson2007did,
  author = {Atkinson, G.M. and Wald, D.J.},
  title = {" Did You Feel It?" Intensity Data: A Surprisingly Good Measure of
	Earthquake Ground Motion},
  journal = {Seismological Research Letters},
  year = {2007},
  volume = {78},
  pages = {362},
  number = {3},
  file = {:/Users/jackdreilly/School/papers/AtkinsonWaldDYFI.pdf:PDF},
  owner = {jackdreilly},
  timestamp = {2011.11.01}
}

@ARTICLE{augello1998dynamic,
  author = {Augello, A.J. and Bray, J.D. and Seed, RB and Abrahamson, NA},
  title = {Dynamic properties of solid waste based on back-analysis of OII landfill},
  journal = {Journal of geotechnical and geoenvironmental engineering},
  year = {1998},
  volume = {124},
  number = {3},
  owner = {jackdreilly},
  timestamp = {2011.11.01}
}

@ARTICLE{babaioff2009congestion,
  author = {Babaioff, M. and Kleinberg, R. and Papadimitriou, C.H.},
  title = {Congestion games with malicious players},
  journal = {Games and Economic Behavior},
  year = {2009},
  volume = {67},
  pages = {22--35},
  number = {1},
  file = {:/Users/jackdreilly/School/papers/10.1.1.91.8335.pdf:PDF},
  owner = {jackdreilly},
  publisher = {Elsevier},
  timestamp = {2011.10.18}
}

@ARTICLE{baise2000consistency,
  author = {Baise, L.G. and Glaser, S.D.},
  title = {Consistency of ground-motion estimates made using system identification},
  journal = {Bulletin of the Seismological Society of America},
  year = {2000},
  volume = {90},
  pages = {993},
  number = {4},
  file = {:/Users/jackdreilly/School/papers/10.1.1.131.458.pdf:PDF},
  owner = {jackdreilly},
  timestamp = {2011.11.12}
}

@ARTICLE{bertsekas1982projection,
  author = {Bertsekas, D.P. and Gafni, E.M.},
  title = {Projection methods for variational inequalities with application
	to the traffic assignment problem},
  journal = {Nondifferential and Variational Techniques in Optimization},
  year = {1982},
  pages = {139--159},
  file = {:/Users/jackdreilly/School/papers/bertsekas variational inequalities.pdf:PDF},
  owner = {jackdreilly},
  publisher = {Springer},
  timestamp = {2011.11.04}
}

@TECHREPORT{black1963passive,
  author = {Black, H.D.},
  title = {A passive system for determining the attitude of a satellite},
  institution = {DTIC Document},
  year = {1963},
  owner = {jackdreilly},
  timestamp = {2011.11.01}
}

@ARTICLE{blandin2010general,
  author = {Blandin, S. and Work, D. and Goatin, P. and Piccoli, B. and Bayen,
	A.},
  title = {A general phase transition model for vehicular traffic},
  year = {2010},
  file = {:/Users/jackdreilly/School/papers/siam09.pdf:PDF},
  owner = {jackdreilly},
  timestamp = {2011.10.19}
}

@ARTICLE{bonifaci2010stackelberg,
  author = {Bonifaci, V. and Harks, T. and Sch{\"a}fer, G.},
  title = {Stackelberg routing in arbitrary networks},
  journal = {Mathematics of Operations Research},
  year = {2010},
  volume = {35},
  pages = {330--346},
  number = {2},
  file = {:/Users/jackdreilly/School/papers/stackelnet.pdf:PDF},
  owner = {jackdreilly},
  publisher = {INFORMS},
  timestamp = {2011.10.18}
}

@ARTICLE{boore2005processing,
  author = {Boore, D.M. and Bommer, J.J.},
  title = {Processing of strong-motion accelerograms: needs, options and consequences},
  journal = {Soil Dynamics and Earthquake Engineering},
  year = {2005},
  volume = {25},
  pages = {93--115},
  number = {2},
  file = {:/Users/jackdreilly/School/papers/Boore&Bommer_SDEE_2005_GMs.pdf:PDF},
  owner = {jackdreilly},
  publisher = {Elsevier},
  timestamp = {2011.11.14}
}

@ARTICLE{bossu2011citizen,
  author = {Bossu, R. and Gilles, S. and Mazet-Roux, G. and Roussel, F.},
  title = {Citizen Seismology: How to involve the Public in earthquake Response},
  journal = {Comparative Emergency Management: Examining Global and Regional Responses
	to Disasters},
  year = {2011},
  pages = {237},
  owner = {jackdreilly},
  publisher = {CRC},
  timestamp = {2011.11.01}
}

@INPROCEEDINGS{burke2006participatory,
  author = {Burke, J. and Estrin, D. and Hansen, M. and Parker, A. and Ramanathan,
	N. and Reddy, S. and Srivastava, M.B.},
  title = {Participatory sensing},
  booktitle = {World Sensor Web Workshop},
  year = {2006},
  pages = {1--5},
  organization = {Citeseer},
  owner = {jackdreilly},
  timestamp = {2011.11.01}
}

@ARTICLE{calafiore2008robust,
  author = {Calafiore, G. and El Ghaoui, L.},
  title = {Robust Dynamic Traffic Assignment under Demand and Capacity Uncertainty},
  year = {2008},
  file = {:/Users/jackdreilly/School/papers/Robust Dynamic Tra?c Assignment under Demand and Capacity Uncertainty.pdf:PDF},
  owner = {jackdreilly},
  timestamp = {2011.10.19}
}

@ARTICLE{cochran2009novel,
  author = {Cochran, E. and Lawrence, J. and Christensen, C. and Chung, A.},
  title = {A novel strong-motion seismic network for community participation
	in earthquake monitoring},
  journal = {Instrumentation \& Measurement Magazine, IEEE},
  year = {2009},
  volume = {12},
  pages = {8--15},
  number = {6},
  file = {:/Users/jackdreilly/School/papers/Cochran_Lawrence_Christensen_Chung_IEEE_2009.pdf:PDF},
  owner = {jackdreilly},
  publisher = {IEEE},
  timestamp = {2011.11.01}
}

@ARTICLE{coclite2002traffic,
  author = {Coclite, G.M. and Piccoli, B.},
  title = {Traffic flow on a road network},
  journal = {Arxiv preprint math/0202146},
  year = {2002},
  file = {:/Users/jackdreilly/School/papers/Piccoli - Traffic Networks.pdf:PDF},
  owner = {jackdreilly},
  timestamp = {2011.10.18}
}

@ARTICLE{como2011robust,
  author = {Como, G. and Savla, K. and Acemoglu, D. and Dahleh, M.A. and Frazzoli,
	E.},
  title = {Robust Distributed Routing in Dynamical Flow Networks-Part II: Strong
	Resilience, Equilibrium Selection and Cascaded Failures},
  journal = {Arxiv preprint arXiv:1103.4893},
  year = {2011},
  file = {:/Users/jackdreilly/School/papers/2011-RobustDistributedRoutingInDynamicalFlowNetworks-PartII-StrongResilienceEquilibriumSelectionandCascadedFailures.pdf:PDF},
  owner = {jackdreilly},
  timestamp = {2011.11.08}
}

@ARTICLE{daganzo1995cell,
  author = {Daganzo, C.F.},
  title = {The cell transmission model, part II: network traffic},
  journal = {Transportation Research Part B: Methodological},
  year = {1995},
  volume = {29},
  pages = {79--93},
  number = {2},
  file = {:/Users/jackdreilly/School/papers/science.pdf:PDF},
  owner = {jackdreilly},
  publisher = {Elsevier},
  timestamp = {2011.10.18}
}

@ARTICLE{daganzo1994cell,
  author = {Daganzo, C.F.},
  title = {The cell transmission model: A dynamic representation of highway
	traffic consistent with the hydrodynamic theory},
  journal = {Transportation Research Part B: Methodological},
  year = {1994},
  volume = {28},
  pages = {269--287},
  number = {4},
  file = {:/Users/jackdreilly/School/papers/daganzo1995cell - daganzo - the cell transmission model, part ii\: network traffic.pdf:PDF},
  owner = {jackdreilly},
  publisher = {Elsevier},
  timestamp = {2011.10.18}
}

@INPROCEEDINGS{dashti2010ishake,
  author = {Dashti, S. and Reilly, J. and Bray, JD and Bayen, AM and Glaser,
	SD and Mari, E.},
  title = {iShake: Mobile Phones as Seismic Sensors},
  booktitle = {AGU Fall Meeting Abstracts},
  year = {2010},
  volume = {1},
  pages = {02},
  owner = {jackdreilly},
  timestamp = {2011.11.01}
}

@ARTICLE{ervasti2011,
  author = {Ervasti, M. and Dashti, S. and Reilly, J. and Bray, J. and Glaser,
	S. and Bay},
  title = {iShake: Mobile Phones as Seismic Sensors ? User Study Findings},
  owner = {jackdreilly},
  timestamp = {2011.11.15}
}

@ELECTRONIC{estrin,
  author = {D. Estrin},
  year = {2009},
  title = {Mobile Sensing Systems: from ecosystems to human systems},
  owner = {jackdreilly},
  timestamp = {2011.11.01}
}

@ARTICLE{friesz1985transportation,
  author = {Friesz, T.L.},
  title = {Transportation network equilibrium, design and aggregation: key developments
	and research opportunities},
  journal = {Transportation Research Part A: General},
  year = {1985},
  volume = {19},
  pages = {413--427},
  number = {5-6},
  file = {:/Users/jackdreilly/School/papers/friesz transportation netwrok equilibrium.pdf:PDF},
  owner = {jackdreilly},
  publisher = {Elsevier},
  timestamp = {2011.11.04}
}

@ARTICLE{friesz2006solving,
  author = {Friesz, T.L. and Mookherjee, R.},
  title = {Solving the dynamic network user equilibrium problem with state-dependent
	time shifts},
  journal = {Transportation Research-Part B Methodological},
  year = {2006},
  volume = {40},
  pages = {207--229},
  number = {3},
  file = {:/Users/jackdreilly/School/papers/DUEwithFixedPointV10a.pdf:PDF},
  owner = {jackdreilly},
  publisher = {Oxford; New York: Pergamon Press, 1979-},
  timestamp = {2011.10.21}
}

@ARTICLE{godunov1959difference,
  author = {Godunov, S.K.},
  title = {A difference method for numerical calculation of discontinuous solutions
	of the equations of hydrodynamics},
  journal = {Matematicheskii Sbornik},
  year = {1959},
  volume = {89},
  pages = {271--306},
  number = {3},
  owner = {jackdreilly},
  publisher = {Russian Academy of Sciences, Branch of Mathematical Sciences},
  timestamp = {2011.10.18}
}

@ARTICLE{gomes2006optimal,
  author = {Gomes, G. and Horowitz, R.},
  title = {Optimal freeway ramp metering using the asymmetric cell transmission
	model},
  journal = {Transportation Research Part C: Emerging Technologies},
  year = {2006},
  volume = {14},
  pages = {244--262},
  number = {4},
  file = {:/Users/jackdreilly/School/papers/80J_Gomes_TRC06.pdf:PDF},
  owner = {jackdreilly},
  publisher = {Elsevier},
  timestamp = {2011.11.03}
}

@ARTICLE{gomes2008behavior,
  author = {Gomes, G. and Horowitz, R. and Kurzhanskiy, A.A. and Varaiya, P.
	and Kwon, J.},
  title = {Behavior of the cell transmission model and effectiveness of ramp
	metering},
  journal = {Transportation Research Part C: Emerging Technologies},
  year = {2008},
  volume = {16},
  pages = {485--513},
  number = {4},
  file = {:/Users/jackdreilly/School/papers/varaiya.pdf:PDF},
  publisher = {Elsevier}
}

@ARTICLE{harker1988multiple,
  author = {Harker, P.T.},
  title = {Multiple equilibrium behaviors on networks},
  journal = {Transportation Science},
  year = {1988},
  volume = {22},
  pages = {39},
  number = {1},
  file = {:/Users/jackdreilly/School/papers/multiple user equilibria.pdf:PDF},
  owner = {jackdreilly},
  timestamp = {2011.11.04}
}

@ARTICLE{haurie1985relationship,
  author = {Haurie, A. and Marcotte, P.},
  title = {On the relationship between Nash?Cournot and Wardrop equilibria},
  journal = {Networks},
  year = {1985},
  volume = {15},
  pages = {295--308},
  number = {3},
  file = {:/Users/jackdreilly/School/papers/marcotte nash cornot wardrop.pdf:PDF},
  owner = {jackdreilly},
  publisher = {Wiley Online Library},
  timestamp = {2011.11.04}
}

@ARTICLE{ho1981information,
  author = {Ho, Y.C. and Luh, P. and Muralidharan, R.},
  title = {Information structure, Stackelberg games, and incentive controllability},
  journal = {Automatic Control, IEEE Transactions on},
  year = {1981},
  volume = {26},
  pages = {454--460},
  number = {2},
  file = {:/Users/jackdreilly/School/papers/stackelberg control.pdf:PDF},
  owner = {jackdreilly},
  publisher = {IEEE},
  timestamp = {2011.11.14}
}

@INPROCEEDINGS{hoh2008virtual,
  author = {Hoh, B. and Gruteser, M. and Herring, R. and Ban, J. and Work, D.
	and Herrera, J.C. and Bayen, A.M. and Annavaram, M. and Jacobson,
	Q.},
  title = {Virtual trip lines for distributed privacy-preserving traffic monitoring},
  booktitle = {Proceeding of the 6th international conference on Mobile systems,
	applications, and services},
  year = {2008},
  pages = {15--28},
  organization = {ACM},
  owner = {jackdreilly},
  timestamp = {2011.11.01}
}

@ARTICLE{isacks1968seismology,
  author = {Isacks, B. and Oliver, J. and Sykes, L.R.},
  title = {Seismology and the new global tectonics},
  journal = {Journal of Geophysical Research},
  year = {1968},
  volume = {73},
  pages = {5855--5899},
  number = {18},
  file = {:/Users/jackdreilly/School/papers/isacks.pdf:PDF},
  owner = {jackdreilly},
  publisher = {American Geophysical Union},
  timestamp = {2011.11.01}
}

@ARTICLE{jayakrishnan1995dynamic,
  author = {Jayakrishnan, R. and Tsai, W.K. and Chen, A.},
  title = {A dynamic traffic assignment model with traffic-flow relationships},
  journal = {Transportation Research Part C: Emerging Technologies},
  year = {1995},
  volume = {3},
  pages = {51--72},
  number = {1},
  file = {:/Users/jackdreilly/School/papers/jayakrishnan dta.pdf:PDF},
  owner = {jackdreilly},
  publisher = {Elsevier},
  timestamp = {2011.11.08}
}

@ARTICLE{joksimovicdifferent,
  author = {Joksimovic, D. and Bliemer, M.C.J. and Bovy, P.H.L.},
  title = {Different policy objectives of the road-pricing problem: a game-theoretic
	approach},
  journal = {Pricing in road transport: a multi-disciplinary perspective},
  pages = {151--169},
  file = {:/Users/jackdreilly/School/papers/430.pdf:PDF},
  owner = {jackdreilly},
  timestamp = {2011.10.18}
}

@INPROCEEDINGS{koutsoupias1999worst,
  author = {Koutsoupias, E. and Papadimitriou, C.},
  title = {Worst-case equilibria},
  booktitle = {Proceedings of the 16th annual conference on Theoretical aspects
	of computer science},
  year = {1999},
  pages = {404--413},
  organization = {Springer-Verlag},
  owner = {jackdreilly},
  timestamp = {2011.11.29}
}

@BOOK{lay1995modern,
  title = {Modern global seismology},
  publisher = {Academic Pr},
  year = {1995},
  author = {Lay, T. and Wallace, T.C.},
  volume = {58},
  owner = {jackdreilly},
  timestamp = {2011.11.15}
}

@INPROCEEDINGS{lebacque1996godunov,
  author = {Lebacque, JP},
  title = {The Godunov scheme and what it means for first order traffic flow
	models},
  booktitle = {Internaional symposium on transportation and traffic theory},
  year = {1996},
  pages = {647--677},
  owner = {jackdreilly},
  timestamp = {2011.11.02}
}

@INPROCEEDINGS{lien2009manet,
  author = {Lien, Y.N. and Jang, H.C. and Tsai, T.C.},
  title = {A MANET based emergency communication and information system for
	catastrophic natural disasters},
  booktitle = {2009 29th IEEE International Conference on Distributed Computing
	Systems Workshops},
  year = {2009},
  pages = {412--417},
  organization = {IEEE},
  owner = {jackdreilly},
  timestamp = {2011.11.01}
}

@ARTICLE{lighthill1955kinematic,
  author = {Lighthill, M.J. and Whitham, G.B.},
  title = {On kinematic waves. II. A theory of traffic flow on long crowded
	roads},
  journal = {Proceedings of the Royal Society of London. Series A. Mathematical
	and Physical Sciences},
  year = {1955},
  volume = {229},
  pages = {317},
  number = {1178},
  file = {:/Users/jackdreilly/School/papers/317.full.pdf:PDF},
  owner = {jackdreilly},
  publisher = {The Royal Society},
  timestamp = {2011.10.18}
}

@ARTICLE{lo2002cell,
  author = {Lo, H.K. and Szeto, WY},
  title = {A cell-based variational inequality formulation of the dynamic user
	optimal assignment problem},
  journal = {Transportation Research Part B: Methodological},
  year = {2002},
  volume = {36},
  pages = {421--443},
  number = {5},
  file = {:/Users/jackdreilly/School/papers/cell-based dynamic user optimum.pdf:PDF},
  owner = {jackdreilly},
  publisher = {Elsevier},
  timestamp = {2011.10.18}
}

@INPROCEEDINGS{munoz2005traffic,
  author = {Munoz, L. and Sun, X. and Horowitz, R. and Alvarez, L.},
  title = {Traffic density estimation with the cell transmission model},
  booktitle = {American Control Conference, 2003. Proceedings of the 2003},
  year = {2005},
  volume = {5},
  pages = {3750--3755},
  organization = {IEEE},
  file = {:/Users/jackdreilly/School/papers/horowitz multiple modes.pdf:PDF},
  owner = {jackdreilly},
  timestamp = {2011.10.21}
}

@ARTICLE{nadav2010limits,
  author = {Nadav, U. and Roughgarden, T.},
  title = {The limits of smoothness: a primal-dual framework for price of anarchy
	bounds},
  journal = {Internet and Network Economics},
  year = {2010},
  pages = {319--326},
  file = {:/Users/jackdreilly/School/papers/pdsmooth.pdf:PDF},
  owner = {jackdreilly},
  publisher = {Springer},
  timestamp = {2011.10.18}
}

@INPROCEEDINGS{neumann1999augmented,
  author = {Neumann, U. and You, S. and Cho, Y. and Lee, J. and Park, J.},
  title = {Augmented reality tracking in natural environments},
  booktitle = {International Symposium on Mixed Realities},
  year = {1999},
  volume = {24},
  organization = {Citeseer},
  owner = {jackdreilly},
  timestamp = {2011.11.01}
}

@ARTICLE{obenshaincommunity,
  author = {Obenshain, D. and Chandy, K.M. and Chandy, R. and Clayton, R. and
	Krause, A. and Olson, M. and Rosenberg, D. and Tang, A.},
  title = {Community Seismic Network},
  file = {:/Users/jackdreilly/School/papers/SURF Paper 2009.pdf:PDF},
  owner = {jackdreilly},
  timestamp = {2011.11.01}
}

@ARTICLE{papadimitriou2010new,
  author = {Papadimitriou, C. and Valiant, G.},
  title = {A new look at selfish routing},
  journal = {Innovations in Computer Science (ICS)},
  year = {2010},
  owner = {jackdreilly},
  timestamp = {2011.11.16}
}

@ARTICLE{parkinson1996global,
  author = {Parkinson, B.W. and Spilker, J.J. and Axelrad, P. and Enge, P.},
  title = {Global Positioning System: Theory and Applications Volume II},
  journal = {Progress in astronautics and aeronautics},
  year = {1996},
  volume = {163},
  owner = {jackdreilly},
  timestamp = {2011.11.01}
}

@ARTICLE{peeta2001foundations,
  author = {Peeta, S. and Ziliaskopoulos, A.K.},
  title = {Foundations of dynamic traffic assignment: The past, the present
	and the future},
  journal = {Networks and Spatial Economics},
  year = {2001},
  volume = {1},
  pages = {233--265},
  number = {3},
  file = {:/Users/jackdreilly/School/papers/Peeta-Ziliaskopoulos-2001.pdf:PDF},
  owner = {jackdreilly},
  publisher = {Springer},
  timestamp = {2011.10.18}
}

@ARTICLE{pickett1963acoustic,
  author = {Pickett, GR},
  title = {Acoustic character logs and their applications in formation evaluation},
  journal = {Journal of Petroleum Technology},
  year = {1963},
  volume = {15},
  pages = {659--667},
  number = {6},
  owner = {jackdreilly},
  publisher = {Society of Petroleum Engineers},
  timestamp = {2011.11.12}
}

@ARTICLE{pines1998conceptual,
  author = {Pines, D.J. and Lovell, P.A.},
  title = {Conceptual framework of a remote wireless health monitoring system
	for large civil structures},
  journal = {Smart materials and Structures},
  year = {1998},
  volume = {7},
  pages = {627},
  owner = {jackdreilly},
  publisher = {IOP Publishing},
  timestamp = {2011.11.01}
}

@ARTICLE{ran1993new,
  author = {Ran, B. and Boyce, D.E. and LeBlanc, L.J.},
  title = {A new class of instantaneous dynamic user-optimal traffic assignment
	models},
  journal = {Operations Research},
  year = {1993},
  pages = {192--202},
  file = {:/Users/jackdreilly/School/papers/ran boyce UE.pdf:PDF},
  owner = {jackdreilly},
  publisher = {JSTOR},
  timestamp = {2011.11.08}
}

@ARTICLE{richards1956shock,
  author = {Richards, P.I.},
  title = {Shock waves on the highway},
  journal = {Operations research},
  year = {1956},
  pages = {42--51},
  file = {:/Users/jackdreilly/School/papers/167515.pdf:PDF},
  owner = {jackdreilly},
  publisher = {JSTOR},
  timestamp = {2011.10.18}
}

@INPROCEEDINGS{roughgarden2009intrinsic,
  author = {Roughgarden, T.},
  title = {Intrinsic robustness of the price of anarchy},
  booktitle = {Proceedings of the 41st annual ACM symposium on Theory of computing},
  year = {2009},
  pages = {513--522},
  organization = {ACM},
  file = {:/Users/jackdreilly/School/papers/10.1.1.147.700.pdf:PDF},
  owner = {jackdreilly},
  timestamp = {2011.10.18}
}

@INPROCEEDINGS{roughgarden2005selfish,
  author = {Roughgarden, T.},
  title = {Selfish routing with atomic players},
  booktitle = {Proceedings of the sixteenth annual ACM-SIAM symposium on Discrete
	algorithms},
  year = {2005},
  pages = {1184--1185},
  organization = {Society for Industrial and Applied Mathematics},
  file = {:/Users/jackdreilly/School/papers/Selfish Routing with Atomic Players.pdf:PDF},
  owner = {jackdreilly},
  timestamp = {2011.11.06}
}

@INPROCEEDINGS{roughgarden2001stackelberg,
  author = {Roughgarden, T.},
  title = {Stackelberg scheduling strategies},
  booktitle = {Proceedings of the thirty-third annual ACM symposium on Theory of
	computing},
  year = {2001},
  pages = {104--113},
  organization = {ACM},
  file = {:/Users/jackdreilly/School/papers/roughgarden2001stackelberg - roughgarden - stackelberg scheduling strategies.pdf:PDF},
  owner = {jackdreilly},
  timestamp = {2011.10.18}
}

@ARTICLE{roughgarden2004bounding,
  author = {Roughgarden, T. and Tardos, {\'E}.},
  title = {Bounding the inefficiency of equilibria in nonatomic congestion games},
  journal = {Games and Economic Behavior},
  year = {2004},
  volume = {47},
  pages = {389--403},
  number = {2},
  file = {:/Users/jackdreilly/School/papers/10.1.1.11.593.pdf:PDF},
  owner = {jackdreilly},
  publisher = {Elsevier},
  timestamp = {2011.10.19}
}

@ARTICLE{roughgarden2002bad,
  author = {Roughgarden, T. and Tardos, {\'E}.},
  title = {How bad is selfish routing?},
  journal = {Journal of the ACM (JACM)},
  year = {2002},
  volume = {49},
  pages = {236--259},
  number = {2},
  file = {:/Users/jackdreilly/School/papers/howbadisanarchy.pdf:PDF},
  owner = {jackdreilly},
  publisher = {ACM},
  timestamp = {2011.10.18}
}

@INPROCEEDINGS{sakaki2010earthquake,
  author = {Sakaki, T. and Okazaki, M. and Matsuo, Y.},
  title = {Earthquake shakes Twitter users: real-time event detection by social
	sensors},
  booktitle = {Proceedings of the 19th international conference on World wide web},
  year = {2010},
  pages = {851--860},
  organization = {ACM},
  owner = {jackdreilly},
  timestamp = {2011.11.01}
}

@ARTICLE{simaan1973stackelberg,
  author = {Simaan, M. and Cruz, JB},
  title = {On the Stackelberg strategy in nonzero-sum games},
  journal = {Journal of Optimization Theory and Applications},
  year = {1973},
  volume = {11},
  pages = {533--555},
  number = {5},
  owner = {jackdreilly},
  publisher = {Springer},
  timestamp = {2011.11.14}
}

@ARTICLE{starr1969nonzero,
  author = {Starr, A.W. and Ho, Y.C.},
  title = {Nonzero-sum differential games},
  journal = {Journal of Optimization Theory and Applications},
  year = {1969},
  volume = {3},
  pages = {184--206},
  number = {3},
  owner = {jackdreilly},
  publisher = {Springer},
  timestamp = {2011.11.14}
}

@ARTICLE{strub2006weak,
  author = {Strub, I.S. and Bayen, A.M.},
  title = {Weak formulation of boundary conditions for scalar conservation laws:
	An application to highway traffic modelling},
  journal = {International Journal of Robust and Nonlinear Control},
  year = {2006},
  volume = {16},
  pages = {733--748},
  number = {16},
  file = {:/Users/jackdreilly/School/papers/ijrnc06.pdf:PDF},
  owner = {jackdreilly},
  publisher = {Wiley Online Library},
  timestamp = {2011.11.03}
}

@ARTICLE{szeto2004cell,
  author = {Szeto, WY and Lo, H.K.},
  title = {A cell-based simultaneous route and departure time choice model with
	elastic demand},
  journal = {Transportation Research Part B: Methodological},
  year = {2004},
  volume = {38},
  pages = {593--612},
  number = {7},
  file = {:/Users/jackdreilly/School/papers/szeto cell based route and departure.pdf:PDF},
  owner = {jackdreilly},
  publisher = {Elsevier},
  timestamp = {2011.10.19}
}

@ARTICLE{wald1999trinet,
  author = {Wald, D.J. and Quitoriano, V. and Heaton, T.H. and Kanamori, H. and
	Scrivner, C.W. and Worden, C.B.},
  title = {TriNet" ShakeMaps": rapid generation of peak ground motion and intensity
	maps for earthquakes in southern California},
  journal = {Earthquake Spectra},
  year = {1999},
  volume = {15},
  pages = {537--556},
  file = {:/Users/jackdreilly/School/papers/Paper9_Wald.pdf:PDF},
  owner = {jackdreilly},
  publisher = {Earthquake Engineering Research Institute},
  timestamp = {2011.11.01}
}

@ARTICLE{work2010traffic,
  author = {Work, D.B. and Blandin, S. and Tossavainen, O.P. and Piccoli, B.
	and Bayen, A.M.},
  title = {A traffic model for velocity data assimilation},
  journal = {Applied Mathematics Research eXpress},
  year = {2010},
  volume = {2010},
  pages = {1},
  number = {1},
  file = {:/Users/jackdreilly/School/papers/amrx10.pdf:PDF},
  owner = {jackdreilly},
  publisher = {Oxford University Press},
  timestamp = {2011.11.03}
}

@ARTICLE{yang2007stackelberg,
  author = {Yang, H. and Zhang, X. and Meng, Q.},
  title = {Stackelberg games and multiple equilibrium behaviors on networks},
  journal = {Transportation Research Part B: Methodological},
  year = {2007},
  volume = {41},
  pages = {841--861},
  number = {8},
  file = {:/Users/jackdreilly/School/papers/stackelberg multiple equilibria.pdf:PDF},
  owner = {jackdreilly},
  publisher = {Elsevier},
  timestamp = {2011.11.04}
}

@ARTICLE{zheng2011network,
  author = {Zheng, H. and Chiu, Y.C.},
  title = {A Network Flow Algorithm for the Cell-Based Single-Destination System
	Optimal Dynamic Traffic Assignment Problem},
  journal = {Transportation Science},
  year = {2011},
  volume = {45},
  pages = {121},
  number = {1},
  file = {:/Users/jackdreilly/School/papers/zheng time expanded social optimum.pdf:PDF},
  owner = {jackdreilly},
  timestamp = {2011.11.08}
}

@ARTICLE{ziliaskopoulos2000linear,
  author = {Ziliaskopoulos, A.K.},
  title = {A linear programming model for the single destination system optimum
	dynamic traffic assignment problem},
  journal = {Transportation science},
  year = {2000},
  volume = {34},
  pages = {37},
  number = {1},
  file = {:/Users/jackdreilly/School/papers/ziliaskopoulos2000linear - ziliaskopoulos - a linear programming model for the single destination system optimum dynamic traffic assignment problem.pdf:PDF},
  owner = {jackdreilly},
  timestamp = {2011.10.18}
}

@ELECTRONIC{magfield,
  title = {National Geophysical Data Center - National Oceanic and Atmospheric
	Administration},
  url = {http://www.ngdc.noaa.gov/},
  owner = {jackdreilly},
  timestamp = {2011.11.01}
}

@ELECTRONIC{skyhook,
  title = {Skyhook Wireless Website},
  url = {http://skyhookwireless.com},
  owner = {jackdreilly},
  timestamp = {2011.11.01}
}

